@article{dhmc,
  title={Discontinuous Hamiltonian Monte Carlo for discrete parameters and discontinuous likelihoods},
  author={Nishimura, Akihiko and Dunson, David B and Lu, Jianfeng},
  journal={Biometrika},
  volume={107},
  number={2},
  pages={365--380},
  year={2020},
  publisher={Oxford University Press}
}